<record><leader>00000cas a22000007a 4500</leader><controlfield tag="001">13622476</controlfield><controlfield tag="008">860522c19579999nvuwr ne      0    0eng d</controlfield><datafield ind1=" " ind2=" " tag="010"><subfield code="a">sn 86076161 </subfield></datafield><datafield ind1=" " ind2=" " tag="040"><subfield code="a">NNX</subfield><subfield code="b">eng</subfield><subfield code="c">NNX</subfield><subfield code="d">OCLCQ</subfield><subfield code="d">OCLCF</subfield><subfield code="d">OCLCO</subfield></datafield><datafield ind1="1" ind2=" " tag="029"><subfield code="a">AU@</subfield><subfield code="b">000024500427</subfield></datafield><datafield ind1=" " ind2=" " tag="042"><subfield code="a">msc</subfield></datafield><datafield ind1=" " ind2=" " tag="043"><subfield code="a">n-us-nv</subfield></datafield><datafield ind1="0" ind2="0" tag="245"><subfield code="a">Tonopah times-bonanza and Goldfield news.</subfield></datafield><datafield ind1="1" ind2="3" tag="246"><subfield code="a">Issues for July 1, 1960-May 5, 1961 have second section called: Goldfield news and Tonopah times-bonanza</subfield></datafield><datafield ind1=" " ind2=" " tag="260"><subfield code="a">Tonopah, Nev. :</subfield><subfield code="b">R.A. Crandall,</subfield><subfield code="c">1957-</subfield></datafield><datafield ind1=" " ind2=" " tag="300"><subfield code="a">v. :</subfield><subfield code="b">ill.</subfield></datafield><datafield ind1=" " ind2=" " tag="310"><subfield code="a">Weekly</subfield></datafield><datafield ind1="0" ind2=" " tag="362"><subfield code="a">Jan. 4, 1957-</subfield></datafield><datafield ind1=" " ind2=" " tag="500"><subfield code="a">Publisher: June 6, 1958-Feb. 28, 1975, I. Jacobson; Mar. 7, 1975-Jan. 19, 1979, W.G. Roberts; Jan. 26, 1979- Central Newspaper, Inc.</subfield></datafield><datafield ind1=" " ind2=" " tag="580"><subfield code="a">Formed by the union of: Tonopah times-bonanza, and: Goldfield news and Beatty bulletin.</subfield></datafield><datafield ind1=" " ind2="0" tag="651"><subfield code="a">Tonopah (Nev.)</subfield><subfield code="v">Newspapers.</subfield></datafield><datafield ind1=" " ind2="0" tag="651"><subfield code="a">Goldfield (Nev.)</subfield><subfield code="v">Newspapers.</subfield></datafield><datafield ind1=" " ind2="7" tag="655"><subfield code="a">Newspapers.</subfield><subfield code="2">fast</subfield><subfield code="0">(OCoLC)fst01423814</subfield></datafield><datafield ind1=" " ind2="7" tag="651"><subfield code="a">Nevada</subfield><subfield code="z">Goldfield.</subfield><subfield code="2">fast</subfield><subfield code="0">(OCoLC)fst01222353</subfield></datafield><datafield ind1=" " ind2="7" tag="651"><subfield code="a">Nevada</subfield><subfield code="z">Tonopah.</subfield><subfield code="2">fast</subfield><subfield code="0">(OCoLC)fst01234939</subfield></datafield><datafield ind1=" " ind2=" " tag="752"><subfield code="a">United States</subfield><subfield code="b">Nevada</subfield><subfield code="c">Nye</subfield><subfield code="d">Tonopah.</subfield></datafield><datafield ind1=" " ind2=" " tag="752"><subfield code="a">United States</subfield><subfield code="b">Nevada</subfield><subfield code="c">Esmeralda</subfield><subfield code="d">Goldfield.</subfield></datafield><datafield ind1="1" ind2="4" tag="780"><subfield code="t">Tonopah times-bonanza</subfield><subfield code="w">(DLC)sn 86076160</subfield><subfield code="w">(OCoLC)13621372</subfield></datafield><datafield ind1="1" ind2="4" tag="780"><subfield code="t">Goldfield news and Beatty bulletin</subfield><subfield code="w">(DLC)sn 85058377</subfield><subfield code="w">(OCoLC)12951153</subfield></datafield></record>